<record><leader>00000cas a2200000 a 4500</leader><controlfield tag="001">13410539</controlfield><controlfield tag="007">hd afu---buaa</controlfield><controlfield tag="008">860409d18uu189unbudn nea     0   a0eng  </controlfield><datafield ind1=" " ind2=" " tag="010"><subfield code="a">sn 86029426 </subfield></datafield><datafield ind1=" " ind2=" " tag="040"><subfield code="a">AGL</subfield><subfield code="b">eng</subfield><subfield code="c">AGL</subfield><subfield code="d">NVG</subfield><subfield code="d">OCL</subfield><subfield code="d">OCLCQ</subfield><subfield code="d">OCLCO</subfield><subfield code="d">OCLCQ</subfield><subfield code="d">OCLCF</subfield></datafield><datafield ind1=" " ind2=" " tag="012"><subfield code="i">8604</subfield></datafield><datafield ind1=" " ind2=" " tag="042"><subfield code="a">pcc</subfield></datafield><datafield ind1=" " ind2=" " tag="043"><subfield code="a">n-usc--</subfield></datafield><datafield ind1="0" ind2=" " tag="070"><subfield code="a">Film</subfield><subfield code="b">S-928</subfield></datafield><datafield ind1=" " ind2="0" tag="072"><subfield code="a">E700</subfield></datafield><datafield ind1="0" ind2="4" tag="245"><subfield code="a">The daily drovers journal</subfield><subfield code="h">[microform].</subfield></datafield><datafield ind1="1" ind2="7" tag="246"><subfield code="a">Drovers journal</subfield></datafield><datafield ind1=" " ind2=" " tag="260"><subfield code="a">South Omaha, Neb. :</subfield><subfield code="b">Drovers Journal Co.</subfield></datafield><datafield ind1=" " ind2=" " tag="300"><subfield code="a">v. :</subfield><subfield code="b">ill.</subfield></datafield><datafield ind1=" " ind2=" " tag="310"><subfield code="a">Daily (except Sun.)</subfield></datafield><datafield ind1=" " ind2=" " tag="588"><subfield code="a">Description based on: Vol. 4, no. 268 (Nov. 4, 1891).</subfield></datafield><datafield ind1=" " ind2=" " tag="533"><subfield code="a">Microfilm.</subfield><subfield code="b">Wooster, Ohio :</subfield><subfield code="c">Bell &amp; Howell, Micro Photo Div.,</subfield><subfield code="e">microfilm reel ; 35 mm.</subfield></datafield><datafield ind1=" " ind2="0" tag="650"><subfield code="a">Animal industry</subfield><subfield code="z">Middle West</subfield><subfield code="v">Newspapers.</subfield></datafield><datafield ind1=" " ind2="0" tag="650"><subfield code="a">Meat industry and trade</subfield><subfield code="z">Middle West</subfield><subfield code="v">Newspapers.</subfield></datafield><datafield ind1=" " ind2="7" tag="655"><subfield code="a">Newspapers.</subfield><subfield code="2">fast</subfield><subfield code="0">(OCoLC)fst01423814</subfield></datafield><datafield ind1=" " ind2="7" tag="650"><subfield code="a">Animal industry.</subfield><subfield code="2">fast</subfield><subfield code="0">(OCoLC)fst00809238</subfield></datafield><datafield ind1=" " ind2="7" tag="650"><subfield code="a">Meat industry and trade.</subfield><subfield code="2">fast</subfield><subfield code="0">(OCoLC)fst01013271</subfield></datafield><datafield ind1=" " ind2="7" tag="651"><subfield code="a">Middle West.</subfield><subfield code="2">fast</subfield><subfield code="0">(OCoLC)fst01240052</subfield></datafield><datafield ind1=" " ind2=" " tag="752"><subfield code="a">United States</subfield><subfield code="b">Nebraska</subfield><subfield code="c">Douglas</subfield><subfield code="d">Omaha.</subfield></datafield><datafield ind1=" " ind2=" " tag="752"><subfield code="a">United States</subfield><subfield code="b">Nebraska</subfield><subfield code="c">Douglas</subfield><subfield code="d">South Omaha.</subfield></datafield><datafield ind1="0" ind2="0" tag="785"><subfield code="t">Drovers journal</subfield></datafield><datafield ind1=" " ind2=" " tag="850"><subfield code="a">DNAL</subfield></datafield></record>